@string{aistats = "Proceedings of the International Conference on Artificial Intelligence and Statistics"}
@string{wsdm = "Proceedings of the ACM International Conference on Web Search and Data Mining"} 
@string{jota = "Journal of Optimization Theory and Applications"}
@string{uai = "Proceedings of the Conference on Uncertainty in Artificial Intelligence"}
@string{www = "Proceedings of the International Conference on World Wide Web"}
@string{acmtois = "ACM Transactions on Information Systems"}
@string{slam = "Semantic Learning Applications in Multimedia"}
@string{colt = "Proceedings of the Workshop on Computational Learning Theory"}
@string{ecml = "Proceedings of the European Conference on Machine Learning"}
@string{icml = "Proceedings of the International Conference on Machine Learning"}
@string{ivs = "IEEE International Vehicle Symposium Proceedings"}
@string{itsc = "IEEE Intelligent Transportation Systems Conference"}
@string{itst = "IEEE Transactions on Intelligent Transportation Systems"}
@string{kdd = "Proceedings of the ACM Special Interest Group on Knowledge Discovery and Data Mining"}
@string{icann ="Proceedings of the International Conference on Artificial Neural Networks"}
@string{jmlr =  "Journal of Machine Learning Research"}
@string{IJNA =  "IMA Journal on Numerical Analysis"}
@string{SJOP = "SIAM Journal on Optimization"}
@string{JNA = "SIAM Journal on Numerical Analysis"}
@string{CAM = "Computational and Applied Mathematics"}
@string{ml =  "Machine Learning"}
@string{accv =	"Proceedings of the Asian Conference on Computer Vision"} 
@string{acmmm =	"Proceedings of ACM Multimedia"} 
@string{add  =  "Addison-Wesley"}
@string{ai   =	"Artificial Intelligence"}
@string{aiuws = "Arpa Image Understanding Workshop"}
@string{alvey = "Proceedings of the Alvey Vision Conference"}
@string{alvey3 ="Third Alvey Vision Conference"}
@string{alvey4 ="Fourth Alvey Vision Conference"}
@string{avc87 = "Proceedings of the 3rd Alvey Vision Conference, Cambridge"}
@string{avc88 = "Proceedings of the 4th Alvey Vision Conference, Manchester"}
@string{avc89 = "Proceedings of the 5th Alvey Vision Conference"}
@string{bmvc =	"Proceedings of the British Machine Vision Conference"} 
@string{bmvc0 =	"Proceedings of the British Machine Vision Conference"} 
@string{bmvc1 = "Proceedings of the 1st British Machine Vision Conference, Oxford"}
@string{bmvc2 = "Proceedings of the 2nd British Machine Vision Conference, Glasgow"}
@string{bmvc3 = "Proceedings of the 3rd British Machine Vision Conference, Leeds"}
@string{bmvc4 = "Proceedings of the 4th British Machine Vision Conference, Guildford"}
@string{bmvc5 = "Proceedings of the 5th British Machine Vision Conference, York"}
@string{bmvc90 ="Proceedings of the 1st British Machine Vision Conference, Oxford"}
@string{bmvc91 ="Proceedings of the 2nd British Machine Vision Conference, Glasgow"}
@string{bmvc92 ="Proceedings of the 3rd British Machine Vision Conference, Leeds"}
@string{bmvc93 ="Proceedings of the 4th British Machine Vision Conference, Guildford"}
@string{bmvc94 ="Proceedings of the 5th British Machine Vision Conference, York"}
@string{bmvc95 ="Proceedings of the 6th British Machine Vision Conference, Birmingham"}
@string{bmvc96 ="Proceedings of the 7th British Machine Vision Conference, Edinburgh"}
@string{bmvc97 ="Proceedings of the 8th British Machine Vision Conference, Colchester"}
@string{bmvc98 ="Proceedings of the 9th British Machine Vision Conference, Southampton"}
@string{bmvc99 ="Proceedings of the 10th British Machine Vision Conference, Nottingham"}
@string{bmvc00 ="Proceedings of the 11th British Machine Vision Conference, Bristol"}
@string{bmvc02 ="Proceedings of the 13th British Machine Vision Conference, Cardiff"}
@string{cdc88 = "Proceedings of the International Conference on Decision and Control"}
@string{cup = "Cambridge University Press"}
@string{cviu="Computer Vision and Image Understanding"}
@string{cvgip =	"Computer Vision, Graphics and Image Processing"}
@string{cvgipiu="{CVGIP}: Image Understanding"}
@string{icvgip="Proceedings of the Indian Conference on Computer Vision, Graphics and Image Processing"}
@string{icvgip00 ="Proceedings of the Indian Conference on Computer Vision, Graphics and Image Processing, Bangalore"}
@string{icvgip02 ="Proceedings of the Indian Conference on Computer Vision, Graphics and Image Processing, Ahmedabad"}
@string{civr   = "Proceedings of the Challenge of Image and Video Retrieval"}
@string{civr02 = "Proceedings of the Challenge of Image and Video Retrieval, London"}
@string{civr04 = civr},
@string{cvpr   = "Proceedings of the IEEE Conference on Computer Vision and Pattern Recognition"}
@string{cvpr89 = "Proceedings of the IEEE Conference on Computer Vision and Pattern Recognition, San Diego"}
@string{cvpr96 = "Proceedings of the IEEE Conference on Computer Vision and Pattern Recognition, San Francisco"}
@string{cvpr97 = "Proceedings of the IEEE Conference on Computer Vision and Pattern Recognition, Puerto Rico"}
@string{cvpr98 = "Proceedings of the IEEE Conference on Computer Vision and Pattern Recognition, Santa Barbara "}
@string{cvpr99 = "Proceedings of the IEEE Conference on Computer Vision and Pattern Recognition, Fort Collins, Colorado"}
@string{cvpr00 = "Proceedings of the IEEE Conference on Computer Vision and Pattern Recognition, Hilton Head Island, South Carolina"}
@string{cvpr01 = "Proceedings of the IEEE Conference on Computer Vision and Pattern Recognition, Kauai, Hawaii"}
@string{eccv  = "Proceedings of the European Conference on Computer Vision"} 
@string{eccv1 = "Proceedings of the 1st European Conference on Computer Vision, Antibes, France"}
@string{eccv2 = "Proceedings of the 2nd European Conference on Computer Vision, Santa Margharita Ligure, Italy"}
@string{eccv3 = "Proceedings of the 3rd European Conference on Computer Vision, Stockholm, Sweden"}
@string{eccv4 = "Proceedings of the 4th European Conference on Computer Vision, Cambridge, UK"}
@string{eccv4.1="Proceedings of the 4th European Conference on Computer Vision, LNCS 1064, Cambridge"}
@string{eccv4.2="Proceedings of the 4th European Conference on Computer Vision, LNCS 1065, Cambridge"}
@string{eccv5 = "Proceedings of the 5th European Conference on Computer Vision, Freiburg, Germany"}
@string{eccv6 = "Proceedings of the 6th European Conference on Computer Vision, Dublin, Ireland"}
@string{eccv7  = "Proceedings of the 7th European Conference on Computer Vision, Copenhagen, Denmark"}
@string{eccv02 = "Proceedings of the 7th European Conference on Computer Vision, Copenhagen, Denmark"}
@string{eccv8  = "Proceedings of the 8th European Conference on Computer Vision, Prague, Czech Republic"}
@string{eccv04 = "Proceedings of the 8th European Conference on Computer Vision, Prague, Czech Republic"}
@string{epirob = "Proceedings of the International Conference on Epigenetic Robotics"}
@string{gmip = "Graphical Models and Image Processing"}
@string{humanoids="IEEE International Conference on Humanoid Robots"}
@string{icarcv2="Proceedings of the 2nd International Conference Automation, Robotics and Computer Vision"}
@string{iccvw= "IEEE International Conference on Computer Vision Workshops" }
@string{iccv =	"Proceedings of the International Conference on Computer Vision"} 
@string{iccv1 = "Proceedings of the 1st International Conference on Computer Vision, London"}
@string{iccv2 = "Proceedings of the 2nd International Conference on Computer Vision, Tampa"}
@string{iccv3 = "Proceedings of the 3rd International Conference on Computer Vision, Osaka"}
@string{iccv4 = "Proceedings of the 4th International Conference on Computer Vision, Berlin"}
@string{iccv5 =	"Proceedings of the 5th International Conference on Computer Vision, Boston"} 
@string{iccv6 =	"Proceedings of the 6th International Conference on Computer Vision, Bombay, India"}
@string{iccv7 =	"Proceedings of the 7th International Conference on Computer Vision, Kerkyra, Greece"}
@string{iccv8 =	"Proceedings of the 8th International Conference on Computer Vision, Vancouver, Canada"}
@string{iccv9 =	"Proceedings of the 9th International Conference on Computer Vision, Nice, France"}
@string{iccv87 = "Proceedings of the 1st International Conference on Computer Vision, London"}
@string{iccv88 = "Proceedings of the 2nd International Conference on Computer Vision, Tampa"}
@string{iccv90 = "Proceedings of the 3rd International Conference on Computer Vision, Osaka"}
@string{iccv93 = "Proceedings of the 4th International Conference on Computer Vision, Berlin"}
@string{iccv95 = "Proceedings of the 5th International Conference on Computer Vision, Boston"} 
@string{iccv98 = "Proceedings of the 6th International Conference on Computer Vision, Bombay, India"}
@string{iccv99 = "Proceedings of the 7th International Conference on Computer Vision, Kerkyra, Greece"}
@string{iccv01 = "Proceedings of the 8th International Conference on Computer Vision, Vancouver, Canada"}
@string{iccv03 = "Proceedings of the 9th International Conference on Computer Vision, Nice, France"}
@string{icpr =	"Proceedings of the International Conference on Pattern Recognition"}
@string{icpr00 = "Proceedings of the International Conference on Pattern Recognition, Barcelona, Spain"}
@string{icpr01 = "Proceedings of the International Conference on Pattern Recognition"}
@string{icpr02 = "Proceedings of the International Conference on Pattern Recognition"}

@string{icra =	"Proceedings of the International Conference on Robotics and Automation"}
@string{isrr =	"Proceedings of the International Symposium on Robotics Research"}
@string{rss =	"Proceedings of Robotics: Science and Systems"}
@string{hri = "Human Robot Interaction"}
@string{ijsr = "International Journal of Social Robotics"}

@string{ieeera ="Proceedings of the IEEE Conference Robotics and Automation"}
@string{ijcai =	"Proceedings of the International Joint Conference on Artificial Intelligence"}
@string{ijcv =	"International Journal of Computer Vision"}
@string{ijprai ="International Journal of Patt. Recogn. in Artificial Intelligence"}
@string{ijrr =	"International Journal of Robotics Research"}
@string{ip = "Image Processing"}
@string{iros =  "Proceedings of the {IEEE/RSJ} Conference on Intelligent Robots and Systems"}
@string{iscv =  "IEEE International Symposium on Computer Vision"}
@string{isrr3 = "Proceedings of the 3rd International Symposium on Robotics Research"}
@string{isrr4 = "Proceedings of the 4th International Symposium on Robotics Research"}
@string{iuw  =  "Proceedings of the DARPA Image Understanding Workshop"}
@string{ivc  =	"Image and Vision Computing"}
@string{jmiv =	"Journal of Mathematical Imaging and Vision"}
@string{josa =	"Journal of the Optical Society of America"}
@string{jra =   "{IEEE} Journal of Robotics and Automation"}
@string{kluw =  "Kluwer Academic Publishers"}
@string{lncs =  "Lecture Notes in Computer Science"}
@string{mit  =  "MIT Press"}
@string{mitai = "MIT Artificial Intelligence Laboratory"}
@string{mva =	"Machine Vision and Applications"}
@string{mva90 = "Proceedings of the 1st {IAPR} Workshop on Machine Vision Applications"}
@string{mva96 = "Proceedings of the 7th {IAPR} Workshop on Machine Vision Applications, Tokyo, Japan"}
@string{nips = "Advances in Neural Information Processing Systems"}
@string{oueng = "Dept. of Engineering Science, University of Oxford"}
@string{oup  =  "Oxford University Press"}
@string{pami =  "{IEEE} Transactions on Pattern Analysis and Machine Intelligence"}
@string{pocv =  "Proceedings of the {IEEE} Workshop on Perceptual Organization in Computer Vision"}
@string{pnas = "Proceedings of the National Academy of Sciences, U.S.A."}
@string{PRL = "Pattern Recognition Letters"}
@string{prsl =  "Proceedings of the of the Royal Society of London"}
@string{ptrsla ="Philosophical Transactions of the Royal Society of London, Series A"}
@string{ptrslb ="Philosophical Transactions of the Royal Society of London, Series B"}
@string{ra =    "Proceedings of the Robotics and Automation"}
@string{ras =   "Robotics and Autonomous Systems"}
@string{rs =    "Proceedings of the Royal Society"}

@string{RoyalStat = "Journal of the Royal Statistical Society"}
@string{roman = "Robot and Human Interactive Communication"}
@string{sibgraph = "Proceedings of the SIBGRAPH Conference on Computer Graphics, Image Processing and Vision"} % [sic]
@string{siggraph = "Proceedings of the ACM SIGGRAPH Conference on Computer Graphics"}
@string{sigir = "Proceedings of the ACM SIGIR Conference on Information Retrieval"}
@string{siggraph00 = "Proceedings of the ACM SIGGRAPH Conference on Computer Graphics"}
@string{siggraph01 = "Proceedings of the ACM SIGGRAPH Conference on Computer Graphics"}
@string{siggraph02 = "Proceedings of the ACM SIGGRAPH Conference on Computer Graphics"}
@string{smile = "Proceedings of the European Workshop on 3D Structure from Multiple Images of Large-Scale Environments"}
@string{sp =  	"Springer-Verlag"}
@string{tcomputer = " {IEEE} Transactions on Computers."}
@string{texture02 = "Proceedings of the Second International Workshop on Texture Analysis and Synthesis"}
@string{texture05 = "Proceedings of the Fourth International Workshop on Texture Analysis and Synthesis"}
@string{tra =   "{IEEE} Trans. Robotics and Automation"}
@string{wacv =  "Proceedings of the {IEEE} Workshop on Applications of Computer Vision"}
@string{wil =   "John Wiley and Sons"}	  
@string{CommACM = "Comm. Assoc. Comp. Mach."}
@string{spie01 = "Proceedings of the SPIE Conference on Human Vision and Electronic Imaging"}
@string{SPIE = "SPIE Conferences"}
@string{socs = "Proceedings of the International Symposium on Combinatorial Search"}
@string{visalgs = "Vision Algorithms: Theory and Practice, Springer LNCS 1883"}

@string{tro =  "{IEEE} Transactions on Robotics"}
@string{tip =  "{IEEE} Transactions on Image Processing"}
@string{jvcir = "Journal of Visual Communication and Image Representation"}
@string{icip = "Proceedings of the IEEE International Conference on Image Processing"}
@string{SP:IC = "Signal Processing: Image Communication"}
@string{DARPA = "Image Understanding Workshop (DARPA)"}
@string{JOSA-A = "Journal of the Optical Society of America"}
@string{PIEEE = "Proceedings of IEEE"}
@string{CirSysVideo = "IEEE Trans. Circuits and Systems for Video Technology"}
@string{IEEE-NN = "IEEE Trans. Neural Networks"}
@string{visres = "Vision Research"}
		  
	  % ------------- strings definition ------------


@string{jan = "January"}
@string{feb = "February"}
@string{mar = "March"}
@string{apr = "April"}
@string{may = "May"}
@string{jun = "June"}
@string{jul = "July"}
@string{aug = "August"}
@string{sep = "September"}
@string{oct = "October"}
@string{nov = "November"}
@string{dec = "December"}		  
