@inproceedings{ Abbeel04,
  title={Apprenticeship learning via inverse reinforcement learning},
  author={Abbeel, P. and Ng, A.Y.},
  booktitle=icml,
  year={2004}
}

@article{ road_accidents,
  title={2012 motor vehicle crashes: overview},
  journal={N. Highway Traffic Safety Administration, Washington, D.C., Tech. Rep.},
  year={2013}
}


@article{abbeel2010autonomous,
  title={Autonomous helicopter aerobatics through apprenticeship learning},
  author={Abbeel, P. and Coates, A. and Ng, A. Y.},
  journal={IJRR},
  volume={29},
  number={13},
  year={2010},
  publisher={SAGE Publications}
}


@article{ Akgun12,
  title={Keyframe-based learning from demonstration},
  author={Akgun, B. and Cakmak, M. and Jiang, K. and Thomaz, A.~L.},
  journal=ijsr,
  volume={4},
  number={4},
  pages={343--355},
  year={2012}
}

@inproceedings{ Alterovitz11,
  title={Rapidly-exploring roadmaps: Weighing exploration vs. refinement in optimal motion planning},
  author={Alterovitz, R. and Patil, S. and Derbakova, A.},
  booktitle=icra,
  year={2011}
}

@Inproceedings{ Alterovitz07,
  title={The stochastic motion roadmap: A sampling framework for planning with Markov motion uncertainty},
  author={R. Alterovitz and T. Sim{\'e}on and K. Goldberg},
  booktitle=rss,
  year={2007}
}

@article{ Argall09,
  title={A survey of robot learning from demonstration},
  author={B.~D.~Argall and S.~Chernova and M.~Veloso and B.~Browning},
  journal={Robotics and Autonomous Systems},
  volume={57},
  number={5},
  pages={469--483},
  year={2009}
}

@misc{ AudiSelfDriving,
  title = {Audi Piloted Driving},
  howpublished = {\url{http://bit.ly/1sKEArd}},
  note = {Accessed: 2014-12-03}
}

@inproceedings{Baltrusaitis13,
  title={Constrained local neural fields for robust facial landmark detection in the wild},
  author={Baltrusaitis, Tadas and Robinson, Peter and Morency, Louis-Philippe},
  booktitle={Computer Vision Workshops (ICCVW), 2013 IEEE International Conference on},
  pages={354--361},
  year={2013},
  organization={IEEE}
}

@incollection{ Bandyopadhyay13,
  title={Intention-aware motion planning},
  author={T.~Bandyopadhyay and K.~S.~Won and E.~Frazzoli and D.~Hsu and W.~S.~Lee and D.~Rus},
  booktitle=wafr,
  year={2013}
}

@misc{ Baxter,
author = "Rethink-Robotics",
note = {http://www.rethinkrobotics.com/index.php/products/baxter/}
}

@inproceedings{ Baxter2,
author = "Rethink Robotics",
note = {http://www.rethinkrobotics.com/index.php/products/baxter/}
}

@inproceedings{ Baltrusaitis13,
  title={Constrained local neural fields for robust facial landmark detection in the wild},
  author={Baltrusaitis, Tadas and Robinson, Peter and Morency, Louis-Philippe},
  booktitle={Computer Vision Workshops (ICCVW), 2013 IEEE International Conference on},
  year={2013}
}


@inproceedings{ Beetz11,
  title={Robotic roommates making pancakes},
  author={M.~Beetz and U.~Klank and I.~Kresse and A.~Maldonado and L.~Mosenlechner and D.~Pangercic and T.~Ruhr and M.~Tenorth},
  booktitle={Humanoid Robots (Humanoids), 2011 11th IEEE-RAS International Conference on},
  pages={529--536},
  year={2011},
  organization={IEEE}
}

@article{ Bengio95,
  title={An input output HMM architecture},
  author={Y.~Bengio and O.~Frasconi},
  journal=nips,
  year={1995}
}

@inproceedings{ Berndt08,
  title={Continuous driver intention recognition with hidden markov models},
  author={H.~Berndt and J.~Emmert and K.~Dietmayer},
  booktitle=itsc,
  year={2008}
}

@inproceedings{ Baxter12,
author = "D. Coldewey",
title="Baxter: An industrial robot that anyone can use",
year = "2012",
booktitle="NBC News",
note = {http://www.nbcnews.com/technology/futureoftech/baxter-industrial-robot-anyone-can-use-1B6016162}
}

@INPROCEEDINGS{ Bekris03,
author={Bekris, K.E. and Chen, B.Y. and Ladd, A.M. and Plaku, E. and Kavraki, L.E.},
booktitle=iros,
title={Multiple query probabilistic roadmap planning using single query planning primitives},
year={2003},
}

@article{ Bennewitz05,
  title={Learning motion patterns of people for compliant robot motion},
  author={M.~Bennewitz and W.~Burgard and G.~Cielniak and S.~Thrun},
  journal=ijrr,
  year={2005}
}

@inproceedings{ Berenson09,
  title={Manipulation planning on constraint manifolds},
  author={Berenson, D. and Srinivasa, S.S. and Ferguson, D. and Kuffner, J.J.},
  booktitle=icra,
  year={2009}
}

@inproceedings{ Berenson12,
  title={A robot path planning framework that learns from experience},
  author={Berenson, D. and Abbeel, P. and Goldberg, K.},
  booktitle=icra,
  year={2012}
}

@InProceedings{ Berg10,
    author    = "J.~V.~D. Berg and P. Abbeel and K. Goldberg",
    title     = "LQG-MP: Optimized Path Planning for Robots with Motion Uncertainty and Imperfect State Information",
    booktitle = rss,
    year      = "2010",
    month     = jun
}

@INPROCEEDINGS{ Bhattacharya11,
    AUTHOR    = {S. Bhattacharya AND M. Likhachev AND V. Kumar},
    TITLE     = {Identification and Representation of Homotopy Classes of Trajectories for Search-based Path Planning in 3D},
    BOOKTITLE = rss,
    YEAR      = {2011}
}

@inproceedings{ Bischoff02,
  title={The MORPHA style guide for icon-based programming},
  author={Bischoff, R. and Kazi, A. and Seyfarth, M.},
  booktitle={Proceedings. 11th IEEE International Workshop on RHIC.},
  year={2002}
}

@Inproceedings{ Bollini11,
  title={Bakebot: Baking cookies with the pr2},
  author={Bollini, Mario and Barry, Jennifer and Rus, Daniela},
  booktitle={The PR2 Workshop: Results, Challenges and Lessons Learned in Advancing Robots with a Common Platform, IROS},
  year={2011}
}

@article{ Buhrmester11,
  title={Amazon's Mechanical Turk A New Source of Inexpensive, Yet High-Quality, Data?},
  author={Buhrmester, M. and Kwang, T. and Gosling, S.D.},
  journal={Perspectives on Psychological Science},
  year={2011}
}

@inproceedings{ Cakmak07,
  title={Affordances as a framework for robot control},
  author={M.~Cakmak and M.~Dogar and E.~Ugur and E.~Sahin},
  booktitle=epirob,
  year={2007}
}

@article{ Calinon07,
  title={On learning, representing, and generalizing a task in a humanoid robot},
  author={Calinon, S. and Guenter, F. and Billard, A.},
  journal={Sys., Man, and Cybernetics, Part B: Cybernetics, IEEE Trans. on},
  year={2007}
}

@inproceedings{ Choi09,
  title={Combining planning and motion planning},
  author={Choi, J. and Amir, E.},
  booktitle=icra,
  year={2009}
}

@Inproceedings{ Chomp,
   author = "N. Ratliff and M. Zucker and J.~A.~Bagnell and S. Srinivasa",
   title = "CHOMP: Gradient Optimization Techniques for Efficient Motion Planning",
   booktitle = icra,
   year = "2009",
}

@misc{ Consumerreports,
  title = {Vehicle Safety Features},
  howpublished = {\url{http://consumerreports.org/cro/2012/04/guide-to-safety-features/index.htm}},
  note = {Accessed: 2014-09-30}
}

@article{ Comaniciu03,
  title={Kernel-based object tracking},
  author={D.~Comaniciu and V.~Ramesh and P.~Meer},
  journal=pami,
  volume={25},
  number={5},
  year={2003}
}

@article{ Cootes01,
  title={Active appearance models},
  author={T.~F.~Cootes and G.~J.~Edwards and C.~J.~Taylor},
  journal=pami,
  volume={23},
  number={6},
  year={2001}
}

@article{ Cortes95,
  title={Support-vector networks},
  author={C.~Cortes and V.~Vapnik},
  journal={Machine learning},
  volume={20},
  number={3},
  year={1995}
}

@article{ Criminisi11,
  title={Decision forests for classification, regression, density estimation, manifold learning and semi-supervised learning},
  author={A.~Criminisi and J.~Shotton and E.~Konukoglu},
  journal={MSR TR},
  volume={5},
  number={6},
  year={2011}
}

@inproceedings{ Curtis08,
  title={Efficient and effective grasping of novel objects through learning and adapting a knowledge base},
  author={N.~Curtis and J.~Xiao},
  booktitle=iros,
  year={2008}
}

@article{ Dauphin15,
  title={RMSProp and equilibrated adaptive learning rates for non-convex optimization},
  author={Y.~N.~Dauphin and H.~de~Vries and J.~Chung and Y.~Bengio},
  journal={arXiv:1502.04390},
  year={2015}
}

@Inproceedings{ Dey12,
  title={Contextual sequence prediction with application to control library optimization},
  author={D.~Dey and T.~Y.~Liu and M.~Hebert and J.~A.~Bagnell},
  booktitle = rss,
  year={2012}
}

@inproceedings{ Diankov07,
  title={Randomized statistical path planning},
  author={R.~Diankov and J.~Kuffner},
  booktitle=iros,
  year={2007}
}

@phdthesis{ Diankov10,
 author = "R. Diankov",
 title = "Automated Construction of Robotic Manipulation Programs",
 school = "CMU, RI",
 month = "August",
 year = "2010"
}

@article{ Wang15,
Author = {D.~Z.~Wang and I.~Posner and P.~Newman},
Journal = ijrr,
Title = {{M}odel-{F}ree {D}etection and {T}racking of {D}ynamic {O}bjects with 2{D} {L}idar},
Year = {2015}
}

@INPROCEEDINGS{ Dong11,
AUTHOR = "S. Dong and B. Williams",
TITLE = "Motion learning in variable environments using probabilistic flow tubes",
BOOKTITLE = icra,
YEAR = {2011}
}

@article{ Doshi11,
  title={On-road prediction of driver's intent with multimodal sensory cues},
  author={A.~Doshi and B.~Morris and M.~M.~Trivedi},
  journal={IEEE Pervasive Computing},
  year={2011}
}

@inproceedings{ Douillard07,
  title={A spatio-temporal probabilistic model for multi-sensor object recognition.},
  author={B.~Douillard and D.~Fox and F.~T.~Ramos},
  booktitle=iros,
  year={2007}
}

@inproceedings{ Dragan12,
  author={A.~Dragan and S.~Srinivasa},
  title={Formalizing assistive teleoperation},
  booktitle=rss,
  year={2012}
}

@inproceedings{ Dragan13a,
   author = "A.~Dragan and K.~Lee and S.~Srinivasa",
   title = "Legibility and Predictability of Robot Motion",
   booktitle = hri,
   month = march,
   year = "2013",
}

@inproceedings{ Dragan13b,
   author = "A.~Dragan and S.~Srinivasa",
   title = "Generating Legible Motion",
   booktitle = rss,
   year = "2013",
}

@inproceedings{ Dvijotham10,
    author = {K.~Dvijotham and E.~Todorov},
    title = {Inverse Optimal Control with Linearly-Solvable MDPs},
    booktitle = icml,
    year = {2010},
}

@inproceedings{ Edsinger07,
  title={Human-robot interaction for cooperative manipulation: Handing objects to one another},
  author={A.~Edsinger and C.~C.~Kemp},
  booktitle=roman,
  year={2007}
}

@inproceedings{ Erickson09,
  title={Survivability: Measuring and ensuring path diversity},
  author={L.~H.~Erickson and S.~M.~LaValle},
  booktitle=icra,
  year={2009}
}

@inproceedings{ Ettlin06,
  title={Randomised rough-terrain robot motion planning},
  author={A.~Ettlin and H.~Bleuler},
  booktitle=iros,
  year={2006}
}

@inproceedings{ Eppner09,
  title={Imitation learning with generalized task descriptions},
  author={Eppner, C. and Sturm, J. and Bennewitz, M. and Stachniss, C. and Burgard, W.},
  booktitle=icra,
  year={2009}
}

@incollection{ Fanelli11,
  title={Real time head pose estimation from consumer depth cameras},
  author={G.~Fanelli and T.~Weise and J.~ Gall and L.~V.~Gool},
  booktitle={Pattern Recognition},
  pages={101--110},
  year={2011}
}

@inproceedings{ Ferguson06,
  title={Anytime RRTs},
  author={D.~Ferguson, Dave and A.~Stentz},
  booktitle=iros,
  year={2006}
}

@inproceedings{ Fitzpatrick03,
  title={Learning about objects through action-initial steps towards artificial cognition},
  author={P.~Fitzpatrick and G.~Metta and L.~Natale and S.~Rao and G.~Sandini},
  booktitle=icra,
  year={2003}
}

@article{ Fletcher05,
  title={Correlating driver gaze with the road scene for driver assistance systems},
  author={L.~Fletcher and G.~Loy and N.~Barnes and A.~Zelinsky},
  journal=ras,
  volume={52},
  number={1},
  year={2005}
}

@inproceedings{ Frohlich14,
  title={Will this car change the lane?—Turn signal recognition in the frequency domain},
  author={B.~Frohlich and M.~Enzweiler and U.~Franke},
  booktitle=ivs,
  year={2014}
}

@book{ Gibson86,
  title={The ecological approach to visual perception},
  author={J.~J.~Gibson},
  year={1986},
  publisher={Routledge}
}



@inproceedings{ Goldfeder07,
  title={Grasp planning via decomposition trees},
  author={Goldfeder, C. and Allen, P.~K. and Lackner, C. and Pelossof, R.},
  booktitle=icra,
  year={2007}
}

@inproceedings{ Gong03,
  title={Recognition of group activities using dynamic probabilistic networks},
  author={S.~Gong and T.~Xiang},
  booktitle=cvpr,
  year={2003}
}

@inproceedings{ Gonzalez11,
  title={Search-based planning with provable suboptimality bounds for continuous
  state spaces},
    author={Gonzalez, Juan Pablo and Likhachev, Maxim},
      booktitle=socs,
        year={2011}
}

@misc{ GoogleSelfDriving,
  title = {Google Self Driving Car},
  howpublished = {\url{http://en.wikipedia.org/wiki/Google_driverless_car}},
  note = {Acc.: 2014-10-11}
}

@inproceedings{ Grabner11,
  title={What makes a chair a chair?},
  author={H.~Grabner and J.~Gall and L.~V.~Gool},
  booktitle=cvpr,
  year={2011}
}

@incollection{ Green11,
  title={Toward optimal sampling in the space of paths},
  author={C.~J.~Green and A.~Kelly},
  booktitle={Robotics Research},
  year={2011}
}

@inproceedings{ Grollman11,
  title={Donut as I do: Learning from failed demonstrations},
  author={Grollman, D.H. and Billard, A.},
  booktitle=icra,
  year={2011}
}

@inproceedings{ Hermans11,
  title={Affordance prediction via learned object attributes},
  author={T.~Hermans and J.~M.~Rehg and A.~Bobick},
  booktitle={ICRA Workshop on Semantic Perception, Mapping, and Exploration},
  year={2011}
}

@article{ Hinton12,
  title={Deep neural networks for acoustic modeling in speech recognition: The shared views of four research groups},
  author={G.~Hinton and L.~Deng and D.~Yu and G.~E.~Dahl and A.~Mohamed and N.~Jaitly and A.~Senior and V.~Vanhoucke and P.~Nguyen and T.~N.~Sainath},
  journal={Signal Processing Magazine, IEEE},
  volume={29},
  number={6},
  year={2012}
}

@article{ Hochreiter97,
  title={Long short-term memory},
  author={S.~Hochreiter and J.~Schmidhuber},
  journal={Neural computation},
  volume={9},
  number={8},
  year={1997}
}

@inproceedings{ Hovland96,
  title={Skill acquisition from human demonstration using a hidden markov model},
  author={Hovland, G.~E. and Sikka, P. and McCarragher, B.~J.},
  booktitle=icra,
  year={1996}
}

@article{ Huang07,
  title={High-performance rotation invariant multiview face detection},
  author={C.~Huang and H.~Ai and Y.~Li and S.~Lao},
  journal=pami,
  volume={29},
  number={4},
  year={2007}
}

@inproceedings{ Huber08,
  title={Human-robot interaction in handing-over tasks},
  author={M.~Huber and M.~Rickert and A.~Knoll and T.~Brandt and S.~Glasauer},
  booktitle=roman,
  year={2008}
}

@inproceedings{ Ichnowski12,
  title={Parallel sampling-based motion planning with superlinear speedup},
  author={J.~Ichnowski and R.~Alterovitz},
  booktitle=iros,
  year={2012}
}

@article{ Jaillet10,
  title={Sampling-based path planning on configuration-space costmaps},
  author={L.~Jaillet and J.~Cort{\'e}s and T.~Sim{\'e}on},
  journal=tro,
  volume={26},
  number={4},
  year={2010}
}

@InProceedings{ Jaillet12,
    author    = {L. Jaillet and J. Porta},
    title     = {Asymptotically-optimal Path Planning on Manifolds},
    booktitle = rss,
    year      = {2012}
}

@InProceedings{ Jain13,
  title={Learning Trajectory Preferences for Manipulators via Iterative Improvement},
  author={A.~Jain and B.~Wojcik and T.~Joachims and A.~Saxena},
  booktitle=nips,
  year={2013}
}

@InProceedings{ Jain13b,
  title={Beyond Geometric Path Planning: Learning Context-Driven User Preferences via Sub-optimal Feedback},
  author={A.~Jain and S.~Sharma and A.~Saxena},
  booktitle=isrr,
  year={2013}
}

@article{Jain15,
  title={Know Before You Do: Anticipating Maneuvers via Learning Temporal Driving Models},
  author={A.~Jain and H.~S.~Koppula and B.~Raghavan and A.~Saxena},
  journal={arXiv:1504.02789},
  year={2015}
}

@InProceedings{ Jiang12,
  title={Learning object arrangements in 3d scenes using human context},
  author={Y.~Jiang and M.~Lim and A.~Saxena},
  booktitle=icml,
  year={2012}
}

@InProceedings{ Jiang13,
  title={Infinite Latent Conditional Random Fields for Modeling Environments through Humans},
  author={Y.~Jiang  and A.~Saxena},
  booktitle=rss,
  year={2013}
}

@inproceedings{ Joachims06,
 author = {T. Joachims},
 title = {Training linear SVMs in linear time},
 booktitle = kdd,
 year = {2006}
}

@article{ Joachims09,
  title={Cutting-plane training of structural SVMs},
  author={Joachims, T. and Finley, T. and Yu, C.-N. J.},
  journal={Machine Learning},
  volume={77},
  number={1},
  pages={27--59},
  year={2009}
}

@inproceedings{ Kalal10,
  title={Forward-backward error: Automatic detection of tracking failures},
  author={Z.~Kalal and K.~Mikolajczyk and J.~Matas},
  booktitle=icpr,
  year={2010}
}

@inproceedings{ Katz08,
  title={Learning to manipulate articulated objects in unstructured environments using a grounded relational representation},
  author={D.~Katz and Y.~Pyuro and O.~Brock},
  booktitle=rss,
  year={2008}
}

@inproceedings{ Katz13,
   title = {Perceiving, Learning, and Exploiting Object Affordances for Autonomous Pile Manipulation},
   author = "D.~Katz and A.~Venkatraman and M.~Kazemi and J.~A.~Bagnell and A.~Stentz",
   booktitle = rss,
   year = {2013}
}

@article{ Kavraki96,
  title={Probabilistic roadmaps for path planning in high-dimensional configuration spaces},
  author={Kavraki, L. E. and Svestka, P. and Latombe, J-C and Overmars, M. H.},
  journal={Robotics and Automation, IEEE Transactions on},
  year={1996}
}

@InProceedings{ Karaman10,
    author    = {S. Karaman and E. Frazzoli},
    title     = {Incremental Sampling-based Algorithms for Optimal Motion Planning},
    booktitle = rss,
    year      = {2010}
}

@incollection{ Kitani12,
  title={Activity forecasting},
  author={K.~M.~Kitani and B.~D.~Ziebart and J.~A.~Bagnell and M.~Hebert},
  booktitle=eccv,
  year={2012}
}

@inproceedings{ Karg12,
  title={Acquisition and use of transferable, spatio-temporal plan representations for human-robot interaction},
  author={M. Karg and A. Kirsch},
  booktitle=iros,
  year={2012}
}

@inproceedings{ Klenk11,
  title={Representing and reasoning about spatial regions defined by context},
  author={M.~Klenk and N.~Hawes and K.~Lockwood},
  booktitle={AAAI Symposium on Advances in Cognitive Systems},
  year={2011}
}

@inproceedings{ Klingbeil11,
  title={Grasping with application to an autonomous checkout robot},
  author={E.~Klingbeil and D.~Rao and B.~Carpenter and V.~Ganapathi and A.~Y.~Ng and O.~Khatib},
  booktitle=icra,
  year={2011}
}

@INPROCEEDINGS{ Knepper10,
AUTHOR = "R. A. Knepper and S. S. Srinivasa and M. T. Mason",
TITLE = "Hierarchical planning architectures for mobile manipulation tasks in indoor environments",
BOOKTITLE = icra,
YEAR = {2010}
}

@article{ Kober11,
  title={Policy search for motor primitives in robotics},
  author={Kober, J. and Peters, J.},
  journal={ML},
  volume={84},
  number={1},
  year={2011}
}

@INPROCEEDINGS{ Kobilarov11,
    AUTHOR    = {M. Kobilarov},
    TITLE     = {Cross-Entropy Randomized Motion Planning},
    BOOKTITLE = rss,
    YEAR      = {2011}
}

@inproceedings{ Koppula11,
  title={Semantic Labeling of 3D Point Clouds for Indoor Scenes},
  author={Koppula, H.S. and Anand, A. and Joachims, T. and Saxena, A.},
  booktitle=nips,
  year={2011}
}

@InProceedings{ Koppula13,
    author    = {H.~Koppula and A.~Saxena},
    title     = {Anticipating Human Activities using Object Affordances for Reactive Robotic Response},
    booktitle = rss,
    year      = {2013}
}

@article{ Koppula13b,
  title={Learning human activities and object affordances from rgb-d videos},
  author={H.~Koppula and R.~Gupta and A.~Saxena},
  journal=ijrr,
  volume={32},
  number={8},
  year={2013}
}

@inproceedings{ Koppula13c,
  title={Learning spatio-temporal structure from rgb-d videos for human activity detection and anticipation},
  author={H.~Koppula and A.~Saxena},
  booktitle=icml,
  year={2013}
}

@inproceedings{ Krizhevsky12,
  title={Imagenet classification with deep convolutional neural networks},
  author={A.~Krizhevsky and I.~Sutskever and G.~E.~Hinton},
  booktitle=nips,
  year={2012}
}

@inproceedings{ Kuderer12,
  title={Feature-based prediction of trajectories for socially compliant navigation},
  author={M.~Kuderer and H.~Kretzschmar and C.~Sprunk and W.~Burgard},
  booktitle=rss,
  year={2012}
}

@techreport{ Kuge00,
  title={A driver behavior recognition method based on a driver model framework},
  author={N.~Kuge and T.~Yamamura and O.~Shimoyama and A.~Liu},
  year={2000},
  institution={SAE Technical Paper}
}

@inproceedings{ Kumar13,
  title={Learning-based approach for online lane change intention prediction},
  author={P.~Kumar and M.~Perrollaz and S.~Lefevre and C.~Laugier},
  booktitle=ivs,
  year={2013}
}

@InProceedings{ Lafferty01,
  author = 	 {J. Lafferty and A. McCallum and F. Pereira},
  title = 	 {Conditional Random Fields: Probabilistic Models for Segmenting and Labeling Sequence Data},
  booktitle = icml,
  year =	 2001
}

@article{ Laugier11,
  title={Probabilistic analysis of dynamic scenes and collision risks assessment to improve driving safety},
  author={C.~Laugier and I.~E.~Paromtchik and M.~Perrollaz and MY.~Yong and J-D.~Yoder and C.~Tay and K.~Mekhnacha and A.~Negre},
  journal={ITS Magazine, IEEE},
  volume={3},
  number={4},
  year={2011}
}

@article{ Lavalle01,
  author = "S.~M. LaValle and J.~J. Kuffner",
  title = "Randomized Kinodynamic Planning",
  journal = ijrr,
  volume = "20",
  number = "5",
  month = may,
  year="2001"
}

@inproceedings{ Le13,
  title={Building high-level features using large scale unsupervised learning},
  author={Q.~V.~Le},
  booktitle={Acoustics, Speech and Signal Processing (ICASSP), 2013 IEEE International Conference on},
  year={2013}
}

@inproceedings{ Lefevre12,
  title={Risk assessment at road intersections: Comparing intention and expectation},
  author={S.~Lefevre and C.~Laugier and J.~Ibanez-Guzman},
  booktitle=ivs,
  year={2012}
}

@InProceedings{ Lenz13,
    author    = {I.~Lenz and H.~Lee and A.~Saxena},
    title     = {Deep Learning for Detecting Robotic Grasps},
    booktitle = rss,
    year      = {2013}
}

@article{ Leven03,
  author = {P.~Leven and S.~Hutchinson},
  title = {Using Manipulability to Bias Sampling During the Construction of Probabilistic Roadmaps},
  journal = {IEEE Trans. on Robotics and Automation},
  volume = 19,
  number = 6,
  year = 2003
}

@inproceedings{ Levine12,
    author = {S.~Levine and V.~Koltun},
    title = {Continuous Inverse Optimal Control with Locally Optimal Examples},
    booktitle = icml,
    year = {2012},
}

@inproceedings{ Liebner12,
  title={Driver intent inference at urban intersections using the intelligent driver model},
  author={M.~Liebner and M.~Baumann and F.~Klanner and C.~Stiller},
  booktitle=ivs,
  year={2012}
}

@inproceedings{ Lin12,
  title={Learning grasping force from demonstration},
  author={Lin, Y. and Ren, S. and Clevenger, M. and Sun, Y.},
  booktitle=icra,
  year={2012}
}

@inproceedings{ Lopes07,
  title={Affordance-based imitation learning in robots},
  author={M.~Lopes and F.~S.~Melo and L.~Montesano},
  booktitle=iros,
  year={2007}
}


@inproceedings{ Lucas81,
  title={An iterative image registration technique with an application to stereo vision.},
  author={B.~Lucas and T.~Kanade},
  booktitle=ijcai,
  year={1981}
}

@inproceedings{ Mainprice11,
  title={Planning human-aware motions using a sampling-based costmap planner},
  author={J.~Mainprice and E.~A.~ Sisbot and L.~Jaillet and J.~Cort{\'e}s and R.~Alami and T.~Sim{\'e}on},
  booktitle=icra,
  year={2011}
}

@inproceedings{ Mainprice13,
  title={Human-robot collaborative manipulation planning using early prediction of human motion},
  author={J.~Mainprice and D.~Berenson},
  booktitle=iros,
  year={2013},
}

@Inproceedings{ Maitin10,
  title={Cloth grasp point detection based on multiple-view geometric cues with application to robotic towel folding},
  author={J. Maitin-Shepard and M. Cusumano-Towner and J. Lei and P. Abbeel},
  booktitle=icra,
  year={2010}
}

@book{ Manning08,
  title={Introduction to information retrieval},
  author={C. D. Manning and P. Raghavan and H. Sch{\"u}tze},
  volume={1},
  year={2008},
  publisher={Cambridge University Press Cambridge}
}

@article{ Matthews04,
  title={Active appearance models revisited},
  author={I.~Matthews and S.~Baker},
  journal=ijcv,
  volume={60},
  number={2},
  year={2004}
}

@article{ Mikolov13,
  title={Efficient estimation of word representations in vector space},
  author={T.~Mikolov and K.~Chen and G.~Corrado and J.~Dean},
  journal={arXiv preprint arXiv:1301.3781},
  year={2013}
}

@article{ Miller04,
  title={Graspit! a versatile simulator for robotic grasping},
  author={A.~T.~Miller and P.~K.~Allen},
  journal={Robotics \& Automation Magazine, IEEE},
  volume={11},
  number={4},
  year={2004}
}

@article{ Mnih13,
  title={Playing atari with deep reinforcement learning},
  author={V.~Mnih and K.~Kavukcuoglu and D.~Silver and A.~Graves and I.~Antonoglou and D.~Wierstra and M.~Riedmiller},
  journal={arXiv preprint arXiv:1312.5602},
  year={2013}
}

@article{ Montesano08,
  title={Learning object affordances: from sensory--motor coordination to imitation},
  author={L.~Montesano and M.~Lopes and A.~Bernardino and J.~S.-Victor},
  journal={IEEE Transactions on Robotics},
  year={2008}
}

@inproceedings{ Morris11,
  title={Lane change intent prediction for driver assistance: On-road design and evaluation},
  author={B.~Morris and A.~Doshi and M.~Trivedi},
  booktitle=ivs,
  year={2011}
}

@inproceedings{ Morency07,
  title={Latent-dynamic discriminative models for continuous gesture recognition},
  author={L.~Morency and A.~Quattoni and T.~Darrell},
  booktitle=cvpr,
  year={2007}
}

@article{ Murphy09,
  title={Head pose estimation in computer vision: A survey},
  author={E.~Murphy-Chutorian and M.~M.~Trivedi},
  journal=pami,
  volume={31},
  number={4},
  year={2009}
}

@book{ Murphy12,
  title={Machine learning: a probabilistic perspective},
  author={K.~P.~Murphy},
  year={2012},
  publisher={MIT press}
}

@inproceedings{ Ng00,
  title={Algorithms for inverse reinforcement learning},
  author={Ng, A.Y. and Russell, S. and others},
  booktitle=icml,
  year={2000}
}

@inproceedings{ Nicolescu03,
  title={Natural methods for robot task learning: Instructive demonstrations, generalization and practice},
  author={Nicolescu, M.~N. and Mataric, M.~J.},
  booktitle={Proceedings of the second international joint conference on Autonomous agents and multiagent systems},
  year={2003}
}

@inproceedings{ Niekum13,
  title={Incremental Semantically Grounded Learning from Demonstration},
  author={S.~Niekum and S.~Chitta and A.~Barto and B.~Marthi and S.~Osentoski},
  booktitle=rss,
  year={2013}
}

@inproceedings{ Nikolaidis12,
  title={Human-robot teaming using shared mental models},
  author={Nikolaidis, S. and Shah, J.},
  booktitle={HRI, Workshop on Human-Agent-Robot Teamwork},
  year={2012}
}

@inproceedings{ Nikolaidis13,
title="Human-Robot Cross-Training: Computational Formulation, Modeling and Evaluation of a Human Team Training Strategy",
author="S. Nikolaidis and J. Shah",
booktitle="IEEE/ACM ICHRI",
year="2013",
}

@article{ Ompl,
    Author = {I. A. Sucan and M. Moll and L. E. Kavraki},
    Journal = {{IEEE} Robotics \& Automation Magazine},
    Number = {4},
    Pages = {72--82},
    Title = {The {O}pen {M}otion {P}lanning {L}ibrary},
    Note = {\url{http://ompl.kavrakilab.org}},
    Volume = {19},
    Year = {2012}
}

@inproceedings{ Oliver00,
  title={Graphical models for driver behavior recognition in a smartcar},
  author={N.~Oliver and A.~P.~Pentland},
  booktitle=ivs,
  year={2000}
}

@inproceedings{ Pandey10,
  title={Mightability maps: A perceptual level decisional framework for co-operative and competitive human-robot interaction},
  author={A.~K.~Pandey and R.~Alami},
  booktitle=iros,
  year={2010}
}

@inproceedings{ Paolini13,
  title={A data-driven statistical framework for post-grasp manipulation},
  author={R.~Paolini and A.~Rodriguez and S.~S.~Srinivasa and M.~T.~Mason},
  booktitle={ISER},
  year={2013}
}

@article{ Pascanu12,
  title={On the difficulty of training recurrent neural networks},
  author={R.~Pascanu and T.~Mikolov and Y.~Bengio},
  journal={arXiv:1211.5063},
  year={2012}
}

@inproceedings{ Perez11,
  title={Asymptotically-optimal path planning for manipulation using incremental sampling-based algorithms},
  author={Perez, A. and Karaman, S. and Shkolnik, A. and Frazzoli, E. and Teller, S. and Walter, M.R.},
  booktitle=iros,
  year={2011}
}

@inproceedings{ Perez12,
   Author = {A. Perez and R. Platt and G. Konidaris and L. Kaelbling and T. Lozano-Perez},
   Booktitle = icra,
   Title = {LQR-RRT*: Optimal Sampling-Based Motion Planning with Automatically Derived Extension Heuristics},
   Year = {2012}
   }

@inproceedings{Phillips12,
  title={E-graphs: Bootstrapping planning with experience graphs},
  author={Phillips, M. and Cohen, B. and Chitta, S. and Likhachev, M.},
  booktitle=rss,
  year={2012}
}

@misc{PR2,
author = "Willow-Garage",
note = {http://www.willowgarage.com/pages/pr2/overview}
}

@article{ Rabiner86,
  title={An introduction to hidden Markov models},
  author={L.~Rabiner and B-H.~Juang},
  journal={ASSP Magazine, IEEE},
  volume={3},
  number={1},
  year={1986}
}

@inproceedings{ Raman13,
  title={Learning Socially Optimal Information Systems from Egoistic Users},
  author={K.~Raman and T.~Joachims},
  booktitle=ecml,
  year={2013}
}

@inproceedings{ Ratliff06,
  title={Maximum margin planning},
  author={N.~Ratliff and J.~A.~Bagnell and M.~Zinkevich},
  booktitle=icml,
  year={2006}
}

@inproceedings{ Ratliff07a,
  title={(Online) Subgradient Methods for Structured Prediction},
  author={N.~Ratliff and J.~A.~Bagnell and M. Zinkevich},
  booktitle=aistats,
  year={2007}
}

@inproceedings{ Ratliff07b,
  title={Boosting structured prediction for imitation learning},
  author={N. Ratliff and D. Bradley and J.~A.~Bagnell and J. Chestnutt},
  booktitle=nips,
  year={2007}
}

@article{ Ratliff09a,
  title={Learning to search: Functional gradient techniques for imitation learning},
  author={N.~Ratliff and D.~Silver and J.~A.~Bagnell},
  journal={Autonomous Robots},
  volume={27},
  number={1},
  pages={25--53},
  year={2009}
}

@phdthesis{ Ratliff09b,
 author = "N.~Ratliff",
 title = "Learning to Search: Structured Prediction Techniques for Imitation Learning",
 school = "CMU, RI",
 year = "2009"
}

@inproceedings{ Rezaei14,
  title={Look at the Driver, Look at the Road: No Distraction! No Accident!},
  author={M.~Rezaei and R.~Klette},
  booktitle=cvpr,
  year={2014}
}

@article{ Rueda04,
  title={The influence of passengers on the risk of the driver causing a car collision in Spain: Analysis of collisions from 1990 to 1999},
  author={T.~Rueda-Domingo and P.~Lardelli-Claret and J.~Luna-del-Castillo and J.~Jimenez-Moleon and M.~Garcia-Martin and A.~Bueno-Cavanillas},
  journal={Accident Analysis \& Prevention},
  year={2004}
}

@article{ Rviz,
  title={Interactive Markers: 3-D User Interfaces for ROS Applications [ROS Topics]},
  author={D. Gossow and A. Leeperand D. Hershberger and M. Ciocarlie},
  journal={Robotics \& Automation Magazine, IEEE},
  volume={18},
  number={4},
  pages={14--15},
  year={2011}
}

@inproceedings{ Ryoo11,
  title={Human activity prediction: Early recognition of ongoing activities from streaming videos},
  author={M.~S.~Ryoo},
  booktitle=iccv,
  year={2011}
}

@article{ Sahin07,
  title={To afford or not to afford: A new formalization of affordances toward affordance-based robot control},
  author={{E.~\c{S}}ahin and M.~{\c{C}}akmak and M.~R.~Do{\u{g}}ar and E.~U{\u{g}}ur and G.~{\"U}{\c{c}}oluk},
  journal={Adaptive Behavior},
  volume={15},
  number={4},
  pages={447--472},
  year={2007}
}

@Inproceedings{ Sbpl,
  title={Search-based planning for manipulation with motion primitives},
  author={B. J. Cohen and S. Chitta and M. Likhachev},
  booktitle=icra,
  pages={2902--2908},
  year={2010}
}

@inproceedings{ Schlechtriemen14,
  title={A lane change detection approach using feature ranking with maximized predictive power},
  author={J.~Schlechtriemen and A.~Wedel and J.~Hillenbrand and G.~Breuel and K-D.~Kuhnert},
  booktitle=ivs,
  year={2014}
}

@inproceedings{ Schulman13,
  title={Finding locally optimal, collision-free trajectories with sequential convex optimization},
  author={J.~Schulman and J.~Ho and A.~Lee and I.~Awwal and H.~Bradlow and P.~Abbeel},
  booktitle=rss,
  year={2013}
}

@inproceedings{ Shi94,
  title={Good features to track},
  author={J.~Shi and C.~Tomasi},
  booktitle=cvpr,
  year={1994}
}

@InProceedings{ Shivaswamy12,
  author = {P. Shivaswamy and T. Joachims},
  title = {Online Structured Prediction via Coactive Learning},
  booktitle = icml,
  YEAR = "2012"
}

@book{ Shneiderman03,
  title={Designing The User Interface: Strategies for Effective Human-Computer Interaction},
  author={Shneiderman, B. and Plaisant, C.},
  year={2010},
  publisher={Addison-Wesley Publication}
}

@INPROCEEDINGS{ Silver12,
AUTHOR = "D. Silver and J.~A.~Bagnell and A. Stentz",
TITLE = "Active learning from demonstration for robust autonomous navigation",
BOOKTITLE = icra,
YEAR = {2012}
}

@article{ Sisbot07,
  title={A human aware mobile robot motion planner},
  author={E.~A.~Sisbot and L.~F.~Marin-Urias and R.~Alami and T.~Simeon},
  journal={IEEE Transactions on Robotics},
  year={2007}
}

@inproceedings{ Sisbot07b,
  title={Spatial reasoning for human robot interaction},
  author={E.~A.~Sisbot and L.~F.~Marin and R.~Alami},
  booktitle=iros,
  year={2007}
}

@article{ Sisbot12,
  title={A human-aware manipulation planner},
  author={E.~A.~Sisbot and R.~Alami},
  journal={Robotics, IEEE Transactions on},
  volume={28},
  year={2012}
}

@article{ Sra12,
  title={A short note on parameter approximation for von Mises-Fisher distributions: and a fast implementation of I s (x)},
  author={S.~Sra},
  journal={Computational Statistics},
  volume={27},
  number={1},
  year={2012}
}

@inproceedings{ Stopp01,
  title={Towards interactive learning for manufacturing assistants},
  author={Stopp, A. and Horstmann, S. and Kristensen, S. and Lohnert, F.},
  booktitle={Proceedings. 10th IEEE International Workshop on RHIC.},
  year={2001}
}

@article{ Sun10,
  title={Learning visual object categories for robot affordance prediction},
  author={J.~Sun and J.~L.~Moore and A.~Bobick and J.~M.~Rehg},
  journal=ijrr,
  year={2010}
}

@inproceedings{Sung12,
  title={Unstructured human activity detection from rgbd images},
  author={J.~Sung and C.~Ponce and B.~Selman and A.~Saxena},
  booktitle=icra,
  year={2012}
}

@inproceedings{ Sutskever14,
  title={Sequence to sequence learning with neural networks},
  author={I.~Sutskever and O.~Vinyals and Q.~V.~Le},
  booktitle=nips,
  year={2014}
}

@inproceedings{ Taigman14,
  title={Deepface: Closing the gap to human-level performance in face verification},
  author={Y.~Taigman and M.~Yang and M.~Ranzato and L.~Wolf},
  booktitle=cvpr,
  year={2014}
}

@article{ Tawari14,
  title={Continuous Head Movement Estimator for Driver Assistance: Issues, Algorithms, and On-Road Evaluations},
  author={A.~Tawari and S.~Martin and M.~Trivedi},
  volume = {15},
  number = {2},
  journal = {IEEE ITSS},
  year={2014}
}

@inproceedings{ Tawari14b,
  title={Looking-in and looking-out vision for urban intelligent assistance: Estimation of driver attentive state and dynamic surround for safe merging and braking},
  author={A.~Tawari and S.~Sivaraman and M.~Trivedi and T.~Shannon and M.~Tippelhofer},
  booktitle={IEEE IVS},
  year={2014}
}

@book{ Thrun05,
  title={Probabilistic robotics},
  author={S.~Thrun and W.~Burgard and D.~Fox},
  year={2005},
  publisher={MIT press}
}

@article{ Tipping01,
  title={Sparse Bayesian learning and the relevance vector machine},
  author={M.~E.~Tipping},
  journal=jmlr,
  volume={1},
  year={2001}
}

@article{ Tomasi91,
    author = {C.~Tomasi and T.~Kanade},
    title = {Detection and Tracking of Point Features},
    journal = ijcv,
    year = {1991}
}

@article{ Trivedi07,
  title={Looking-in and looking-out of a vehicle: Computer-vision-based enhanced vehicle safety},
  author={M.~Trivedi and T.~Gandhi and J.~McCall},
  journal=itst,
  volume={8},
  number={1},
  year={2007}
}

@Article{ Tsochantaridis05,
  author =	 {I. Tsochantaridis and T. Joachims and T. Hofmann and
                  Y. Altun},
  title =	 {Large Margin Methods for Structured and
                  Interdependent Output Variables},
  journal =	 jmlr,
  year =	 {2005},
  volume =	 {6},
  pages =	 {1453--1484},
  month =	 {September}
}

@inproceedings{ Ugur09,
  title={Learning object affordances for planning},
  author={E.~Ugur and E.~Oztop and E.~Sahin},
  booktitle={ICRA Workshop on Sensorimotor Learning},
  year={2009}
}

@article{ Ugur11,
  title={Goal emulation and planning in perceptual space using learned affordances},
  author={E.~Ugur and E.~Oztop and E.~Sahin},
  journal={Robotics and Autonomous Systems},
  year={2011}
}

@inproceedings{ Urmson03,
  title={Approaches for heuristically biasing RRT growth},
  author={C.~Urmson and R.~G.~Simmons},
  booktitle=iros,
  year={2003}
}

@inproceedings{ Uyanik13,
  title={Learning Social Affordances and Using them for Planning},
  author={K.~F.~Uyanik and Y.~Caliskan and A.~K.~Bozcuoglu and  O.~Yuruten, S.~Kalkan and E.~Sahin},
  booktitle={CogSys},
  year={2013}
}

@book{ Vazirani01,
  title={Approximation algorithms},
  author={Vazirani, V.~V.},
  year={2001},
  publisher={Springer}
}

@INPROCEEDINGS{ Vernaza11,
AUTHOR = "P. Vernaza and D. D. Lee",
TITLE = "Efficient dynamic programming for high-dimensional, optimal motion planning by spectral learning of approximate value function symmetries",
BOOKTITLE = icra,
YEAR = {2011}
}

@inproceedings{ Vernaza12,
  author = {P.~Vernaza and J.~A.~Bagnell},
  title = {Efficient high dimensional maximum entropy modeling via symmetric partition functions},
  booktitle = nips,
  year = 2012
}

@article{ Viola04,
  title={Robust real-time face detection},
  author={P.~Viola and M.~J.~Jones},
  journal=ijcv,
  volume={57},
  number={2},
  year={2004}
}

@inproceedings{ Wang05,
  title={A dynamic conditional random field model for object segmentation in image sequences},
  author={Y.~Wang and Q.~Ji},
  booktitle=cvpr,
  year={2005}
}

@inproceedings{ Wang06,
  title={Hidden conditional random fields for gesture recognition},
  author={S.~B.~Wang and A.~Quattoni and L.~Morency and D.~Demirdjian and T.~Darrell},
  booktitle=cvpr,
  year={2006}
}

@article{ Wang13,
  title={Probabilistic Movement Modeling for Intention Inference in Human-Robot Interaction},
  author={Z.~Wang and K.~M{\"u}lling and M.~Deisenroth and H.~Amor and D.~Vogt and B.~Sch{\"o}lkopf and J.~Peters},
  journal=ijrr,
  year={2013}
}

@inproceedings{ Wilson12,
  title={A Bayesian Approach for Policy Learning from Trajectory Preference Queries},
  author={A.~Wilson and A.~Fern and P.~Tadepalli},
  booktitle=nips,
  year={2012}
}

@inproceedings{ Xiong13,
  title={Supervised descent method and its applications to face alignment},
  author={X.~Xiong and F.~De la Torre},
  booktitle=cvpr,
  year={2013}
}

@article{ Xiong14,
  title={Supervised Descent Method for Solving Nonlinear Least Squares Problems in Computer Vision},
  author={X.~Xiong and F.~De la Torre},
  journal={arXiv preprint arXiv:1405.0601},
  year={2014}
}

@Inproceedings{ Yamane13,
   author = "K.~Tamane and M.~Revfi and T.~Asfour",
   title = "Synthesizing Object Receiving Motions of Humanoid Robots with Human Motion Database",
   booktitle = icra,
   year = "2013",
}

@article{ Yilmaz06,
  title={Object tracking: A survey},
  author={A.~Yilmaz and O.~Javed and M.~Shah},
  journal={ACM computing surveys},
  volume={38},
  number={4},
  year={2006}
}

@inproceedings{ Zacharias11,
  title={Making planned paths look more human-like in humanoid robot manipulation planning},
  author={Zacharias, F. and Schlette, C. and Schmidt, F. and Borst, C. and Rossmann, J. and Hirzinger, G.},
  booktitle=icra,
  year={2011}
}

@techreport{ Zhang10,
  title={A survey of recent advances in face detection},
  author={C.~Zhang and Z.~Zhang},
  year={2010},
  institution={Microsoft Research}
}

@inproceedings{ Zhu12,
  title={Face detection, pose estimation, and landmark localization in the wild},
  author={X.~Zhu and D.~Ramanan},
  booktitle=cvpr,
  year={2012}
}

@article{ Zender08,
  title={Conceptual spatial representations for indoor mobile robots},
  author={H.~Zender and O.~M.~Mozos and P.~Jensfelt and G.-J.~M.~Kruijff and W.~Burgard},
  journal={Robotics and Autonomous Systems},
  year={2008}
}

@inproceedings{ Ziebart08,
  title={Maximum entropy inverse reinforcement learning},
  author={B.~D.~Ziebart and A.~Maas and J.~A.~Bagnell and A.~K.~Dey},
  booktitle="AAAI",
  year={2008}
}

@inproceedings{ Ziebart09,
  title={Planning-based prediction for pedestrians},
  author={B.~D.~Ziebart and N.~Ratliff and G.~Gallagher and C.~Mertz and K.~Peterson and J.~A.~Bagnell and M.~Hebert and A.~K.~Dey and S.~Srinivasa},
  booktitle=iros,
  year={2009}
}

@article{ Zucker13,
  title={CHOMP: Covariant hamiltonian optimization for motion planning},
  author={M.~Zucker and N.~Ratliff and A.~D.~Dragan and M.~Pivtoraiko and M.~Klingensmith and C.~M.~Dellin and J.~A.~Bagnell and S.~.S.~Srinivasa},
  journal=ijrr,
  volume={32},
  year={2013}
}

@inproceedings{misra2014tell,
  author = {D. Misra and J. Sung and K. Lee and A. Saxena},
  booktitle = {Robotics: Science and Systems (RSS)},
  title = {Tell {M}e {D}ave: Context-sensitive grounding of natural language to mobile manipulation instructions},
  year = {2014},
}

@inproceedings{tellex2011understanding,
  author = {S. Tellex and T. Kollar and S. Dickerson and M. R. Walter and A. G. Banerjee and S. J. Teller and N. Roy},
  booktitle = {Association for the Advancement of Artificial Intelligence (AAAI)},
  title = {Understanding Natural Language Commands for Robotic Navigation and Mobile Manipulation},
  year = {2011},
}

@inproceedings{fasola2013using,
  author = {J. Fasola and M. Mataric},
  booktitle = {International Conference on Intelligent Robots and Systems (IROS)},
  title = {Using Semantic Fields to Model Dynamic Spatial Relations in a Robot Architecture for Natural Language Instruction of Service Robots},
  year = {2013},
}

@article{chen2010training,
  author = {D. L. Chen and J. Kim and R. J. Mooney},
  journal = {Journal of Artificial Intelligence Research (JAIR)},
  number = {1},
  pages = {397--436},
  title = {Training a multilingual sportscaster: Using perceptual context to learn language},
  volume = {37},
  year = {2010},
}

@article{artzi2013weakly,
  author = {Y. Artzi and L. Zettlemoyer},
  journal = {Transactions of the Association for Computational Linguistics (TACL)},
  pages = {49--62},
  title = {Weakly supervised learning of semantic parsers for mapping instructions to actions},
  volume = {1},
  year = {2013},
}

@inproceedings{matuszek2012grounded,
  author = {C. Matuszek and N. FitzGerald and L. Zettlemoyer and L. Bo and D. Fox},
  booktitle = {International Conference on Machine Learning (ICML)},
  pages = {1671--1678},
  title = {A joint model of language and perception for grounded attribute learning},
  year = {2012},
}

@article{Mei2015Navigational,
  author    = {H. Mei and M. Bansal and M. R. Walter},
  title     = {Listen, Attend, and Walk: Neural Mapping of Navigational Instructions
               to Action Sequences},
  journal   = {CoRR},
  volume    = {abs/1506.04089},
  year      = {2015},
  url       = {http://arxiv.org/abs/1506.04089},
}

@inproceedings{branavan2012learning,
  author = {S. Branavan and N. Kushman and T. Lei and R. Barzilay},
  booktitle = {Association for Computational Linguistics (ACL)},
  pages = {126--135},
  title = {Learning high-level planning from text},
  year = {2012},
}
