@string{aaai = "AAAI"}
@string{aistats = "AISTATS"}
@string{wsdm = "WSDM"}
@string{jota = "JOTA"}
@string{uai = "UAI"}
@string{www = "WWW"}
@string{acmtois = "ACM TOIS"}
@string{sigir = "SIGIR"}
@string{slam = "SLAM"}
@string{iser = "ISER"}
@string{ivs = "IEEE IVS"}
@string{itsc = "IEEE ITSC"}
@string{itst = "IEEE Trans. on ITS"}
@string{colt = "COLT"}
@string{icml = "ICML"}
@string{kdd = "KDD"}
@string{icann ="ICANN"}
@string{jmlr =  "JMLR"}
@string{ml =  "ML"}
@string{acmmm =  "ACM Multimedia"}
@string{accv =  "Proc. Asian Conf. on Computer Vision"}
@string{add  =  "Addison-Wesley"}
@string{ai   =  "Artificial Intelligence"}
@string{aiuws = "Arpa Image Understanding Workshop"}
@string{alvey = "Proc. Alvey Vision Conf."}
@string{alvey3 ="Proc. Alvey Vision Conf."}
@string{alvey4 ="Proc. Alvey Vision Conf."}
@string{avc87 = "Proc. Alvey Vision Conf."}
@string{avc88 = "Proc. Alvey Vision Conf."}
@string{avc89 = "Proc. Alvey Vision Conf."}
@string{bmvc =  "BMVC."}
@string{bmvc0 = bmvc}
@string{bmvc1 = bmvc}
@string{bmvc2 = bmvc}
@string{bmvc3 = bmvc}
@string{bmvc4 = bmvc}
@string{bmvc5 = bmvc}
@string{bmvc90 = bmvc}
@string{bmvc91 = bmvc}
@string{bmvc92 = bmvc}
@string{bmvc93 = bmvc}
@string{bmvc94 = bmvc}
@string{bmvc95 = bmvc}
@string{bmvc96 = bmvc}
@string{bmvc97 = bmvc}
@string{bmvc98 = bmvc}
@string{bmvc99 = bmvc}
@string{bmvc00 = bmvc}
@string{bmvc02 = bmvc}
@string{cdc88 = "Proc. Intl. Conf. on Decision and Control"}
@string{cup = "Cambridge: CUP"}
@string{cviu="CVIU"}
@string{cvgip = "CVGIP"}
@string{cvgipiu="{CVGIP}: Image Understanding"}
@string{icvgip="Proc. Indian Conf. on Computer Vision, Graphics and Image Processing"}
@string{icvgip00 = icvgip}
@string{icvgip02 = icvgip}
@string{civr   = "Proc. CIVR"}
@string{civr02 = "Proc. CIVR2002"}
@string{civr04 = "Proc. CIVR2004"}
@string{cvpr   = "CVPR"}
@string{cvpr89 = cvpr}
@string{cvpr96 = cvpr}
@string{cvpr97 = cvpr}
@string{cvpr98 = cvpr}
@string{cvpr99 = cvpr}
@string{cvpr00 = cvpr}
@string{cvpr01 = cvpr}
@string{cvpr02 = cvpr}
@string{cvpr03 = cvpr}
@string{cvpr04 = cvpr}
@string{eccv  = "Proc. ECCV"}
@string{eccv1 = eccv}
@string{eccv2 = eccv}
@string{eccv3 = eccv}
@string{eccv4 = eccv}
@string{eccv4.1=eccv}
@string{eccv4.2=eccv}
@string{eccv5 = eccv}
@string{eccv6 = eccv}
@string{eccv7 = eccv}
@string{eccv02 = eccv}
@string{eccv8 = eccv}
@string{eccv04 = eccv}
@string{ecml  = "Proc. ECML"}
@string{epirob  = "EPIROB"}
@string{gmip = "GMIP"}
@string{humanoids = "Humanoids"}
@string{icarcv2="Proc. 2nd Intl. Conf. Automation, Robotics and Computer Vision"}
@string{iccvw = "ICCV Workshops"}
@string{iccv =  "ICCV"}
@string{iccv1 = iccv}
@string{iccv2 = iccv}
@string{iccv3 = iccv}
@string{iccv4 = iccv}
@string{iccv5 = iccv}
@string{iccv6 = iccv}
@string{iccv7 = iccv}
@string{iccv8 = iccv}
@string{iccv9 = iccv}
@string{iccv87 = iccv}
@string{iccv88 = iccv}
@string{iccv90 = iccv}
@string{iccv93 = iccv}
@string{iccv95 = iccv}
@string{iccv98 = iccv}
@string{iccv99 = iccv}
@string{iccv01 = iccv}
@string{iccv03 = iccv}
@string{icpr =  "Proc. ICPR"}
@string{icpr00 = icpr}
@string{icpr01 = icpr}
@string{icpr02 = icpr}

@string{icra =  "ICRA"}
@string{isrr = "ISRR"}
@string{ras = "RAS"}
@string{rss = "RSS"}
@string{hri = "HRI"}
@string{ijsr = "IJSR"}

@string{ieeera ="Proc. IEEE Conf. Robotics and Automation"}
@string{ijcai = "IJCAI"}
@string{ijcv =  "IJCV"}
@string{ijprai ="Intl. J. of Patt. Recogn. in Artificial Intelligence"}
@string{ijrr =  "IJRR"}
@string{ip = "IP"}
@string{iros =  "IROS"}
@string{iscv =  "IEEE Intl. Symposium on Computer Vision"}
@string{isrr3 = "Proc. 3rd Intl. Symposium on Robotics Research"}
@string{isrr4 = "Proc. 4th Intl. Symposium on Robotics Research"}
@string{iuw  =  "Proc. DARPA Image Understanding Workshop"}
@string{ivc  =  "Image and Vision Computing"}
@string{jmiv =  "J. Math. Imaging and Vision"}
@string{josa =  "J. of the Optical Society of America"}
@string{jra =   "{IEEE} J. of Robotics and Automation"}
@string{kluw =  "Kluwer Academic Publishers"}
@string{lncs = "LNCS"}
@string{mit  =  "MIT Press"}
@string{mitai = "MIT Artificial Intelligence Laboratory"}
@string{mva =   "Machine Vision and Applications"}
@string{mva90 = "Proc. 1st {IAPR} Workshop on Machine Vision Applications"}
@string{mva96 = "Proc. 7th {IAPR} Workshop on Machine Vision Applications, Tokyo, Japan"}
@string{nips = "NIPS"}
@string{oueng = "Dept. of Engineering Science, University of Oxford"}
@string{oup  =  "Oxford University Press"}
@string{pami =  "IEEE PAMI"}
@string{pnas = "Proc. Nat. Acad. Sci. USA"}
@string{PRL = "PRL"}
@string{prsl =  "Proc. of the Royal Society of London"}
@string{ptrsla ="Phil. Trans. R. Soc. Lond. A"}
@string{ptrslb ="Phil. Trans. R. Soc. Lond. B"}
@string{ra =    "Proc. Robotics and Automation"}
@string{rs =    "Proc. Royal Society"}

@string{RoyalStat = "Journal of the Royal Statistical Society"}
@string{roman = "RO-MAN"}
@string{sibgraph = "Proc. SIBGRAPH"} % [sic]
@string{siggraph = "Proc. ACM SIGGRAPH"}
@string{siggraph00 = siggraph}
@string{siggraph01 = siggraph}
@string{sigmod = "Proc. ACM SIGMOD"}
@string{siggraph = "Proc. ACM SIGGRAPH"}
@string{sp =    "Springer-Verlag"}
@string{tcomputer = "IEEE Trans. Comput."}
@string{texture02 = "Proc. Intl. Workshop on Texture Analysis and Synthesis"}
@string{texture05 = "Proc. Intl. Workshop on Texture Analysis and Synthesis"}
@string{tra =   "{IEEE} Trans. Robotics and Automation"}
@string{wacv =  "Proc. WACV"}
@string{wafr = "WAFR"}
@string{wil =   "John Wiley and Sons"}
@string{CommACM = "Comm. ACM"}
@string{spie01 = "Proc. SPIE Conf. on Human Vision and Electronic Imaging"}
@string{SPIE = "SPIE Conferences"}
@string{socs = "SoCS"}
@string{visalgs = "Vision Algorithms: Theory and Practice"}

@string{tip =  "{IEEE} TIP"}
@string{tro = "{IEEE} TRO"}
@string{jvcir = "Journal of Visual Communication and Image Representation"}
@string{icip = "ICIP"}
@string{SP:IC = "Signal Processing: Image Communication"}
@string{DARPA = "Image Understanding Workshop (DARPA)"}
@string{JOSA-A = "Journal of the Optical Society of America"}
@string{JNA = "SIAM J. on Numerical Analysis"}
@string{SJOP = "SIAM J. on Optimization"}
@string{IJNA = "IMA J. on Numerical Analysis"}
@string{CAM = "Computational and Applied Mathematics"}
@string{PIEEE = "Proceedings of IEEE"}
@string{CirSysVideo = "IEEE Trans. Circuits and Systems for Video Technology"}
@string{IEEE-NN = "IEEE Trans. Neural Networks"}
@string{visres = "Vision Research"}

      % ------------- strings definition ------------
          % I think months should be set to the null in shortstrings

@string{jan = ""}
@string{feb = ""}
@string{mar = ""}
@string{apr = ""}
@string{may = ""}
@string{jun = ""}
@string{jul = ""}
@string{aug = ""}
@string{sep = ""}
@string{oct = ""}
@string{nov = ""}
@string{dec = ""}
